@MISC{REF1:1,
	HOWPUBLISHED = "\url{https://www.straitstimes.com/singapore/parliament-bills-to-merge-ida-and-mda-and-to-form-new-govtech-agency-passed}",
	AUTHOR = "Lester Hio",
	TITLE = "Parliament: Bills to merge IDA and MDA, and to form new GovTech agency, passed",
	MONTH = "Aug",
	YEAR = "2016",
	NOTE = "Accessed on 2020-03-30"
}

@MISC{REF2:1,
	HOWPUBLISHED = "\url{https://www.tech.gov.sg/digital-government-transformation/}",
	AUTHOR = "Government Technology Agency",
	TITLE = "Digital Government Transformation",
	MONTH = "Mar",
	YEAR = "2020",
	NOTE = "Accessed on 2020-03-30"
}

@MISC{REF3:1,
	HOWPUBLISHED = "\url{https://www.tech.gov.sg/digital-government-blueprint/}",
	AUTHOR = "Government Technology Agency",
	TITLE = "Digital Government Blueprint",
	MONTH = "Mar",
	YEAR = "2020",
	NOTE = "Accessed on 2020-03-30"
}

@MISC{REF4:1,
	HOWPUBLISHED = "\url{https://www.tech.gov.sg/careers/students-and-graduates/}",
	AUTHOR = "Government Technology Agency",
	TITLE = "Students and Graduates",
	MONTH = "Mar",
	YEAR = "2020",
	NOTE = "Accessed on 2020-03-30"
}

@MISC{REF5:1,
	HOWPUBLISHED = "\url{https://play.google.com/store/apps/details?id=cxs.cscollege.learn&hl=en_SG}",
	AUTHOR = "Civil Service College Singapore",
	TITLE = "LEARN.gov.sg",
	MONTH = "Feb",
	YEAR = "2020",
	NOTE = "Accessed on 2020-03-30"
}

@MISC{REF6:1,
	HOWPUBLISHED = "\url{https://www.smartnation.sg/what-is-smart-nation/initiatives/Digital-Government-Services/moments-of-life}",
	AUTHOR = "Smart Nation and Digital Government Office",
	TITLE = "Moments of Life",
	MONTH = "Sep",
	YEAR = "2019",
	NOTE = "Accessed on 2020-03-30"
}